% Use this file for citations not found in the ACL Anthology (contained in "anthology.bib").

@book{Aho:72,
    author  = {Alfred V. Aho and Jeffrey D. Ullman},
    title   = {The Theory of Parsing, Translation and Compiling},
    year    = "1972",
    volume  = "1",
    publisher = {Prentice-Hall},
    address = {Englewood Cliffs, NJ}
}

@book{APA:83,
    author  = {{American Psychological Association}},
    title   = {Publications Manual},
    year    = "1983",
    publisher = {American Psychological Association},
    address = {Washington, DC}
}

@article{Chandra:81,
	author = {Ashok K. Chandra and Dexter C. Kozen and Larry J. Stockmeyer},
	year = "1981",
	title = {Alternation},
	journal = {JACM},
	doi = "10.1145/322234.322243",
}

@inproceedings{andrew2007scalable,
  title={Scalable training of {L1}-regularized log-linear models},
  author={Andrew, Galen and Gao, Jianfeng},
  booktitle={Proc.\ of ICML},
  url={https://dl.acm.org/doi/10.1145/1273496.1273501},
  year={2007},
}

@book{Gusfield:97,
    author  = {Dan Gusfield},
    title   = {Algorithms on Strings, Trees and Sequences},
    year    = "1997",
    publisher = {Cambridge University Press},
    address = {Cambridge, UK}
}

@misc{rasooli-tetrault-2015,
    author    = {Mohammad Sadegh Rasooli and Joel R. Tetreault},
    title     = {Yara Parser: {A} Fast and Accurate Dependency Parser},
    volume    = {arXiv:1503.06733},
    year      = {2015},
    url       = {http://arxiv.org/abs/1503.06733},
}

@article{Ando2005,
	Acmid = {1194905},
	Author = {Ando, Rie Kubota and Zhang, Tong},
	Issn = {1532-4435},
	Issue_Date = {12/1/2005},
	Journal = {JMLR},
	Title = {A Framework for Learning Predictive Structures from Multiple Tasks and Unlabeled Data},
	url={https://www.jmlr.org/papers/volume6/ando05a/ando05a.pdf},
}

@inproceedings{sennrich-etal-2016-neural,
    title = "Neural Machine Translation of Rare Words with Subword Units",
    author = "Sennrich, Rico  and
      Haddow, Barry  and
      Birch, Alexandra",
    booktitle = "Proc.\ of ACL",
    _month = aug,
    year = "2016",
    _address = "Berlin, Germany",
    _publisher = "Association for Computational Linguistics",
    url = "https://www.aclweb.org/anthology/P16-1162",
    _doi = "10.18653/v1/P16-1162",
    _pages = "1715--1725",
}

@inproceedings{kudo-richardson-2018-sentencepiece,
    title = "{S}entence{P}iece: A simple and language independent subword tokenizer and detokenizer for Neural Text Processing",
    author = "Kudo, Taku  and
      Richardson, John",
    booktitle = "Proc.\ of EMNLP",
    year = "2018",
    url = "https://arxiv.org/abs/1808.06226",
}

@inproceedings{karpukhin2020dense,
  title={Dense Passage Retrieval for Open-Domain Question Answering},
  author={Karpukhin, Vladimir and O{\u{g}}uz, Barlas and Min, Sewon and Wu, Ledell and Edunov, Sergey and Chen, Danqi and Yih, Wen-tau},
  _journal={arXiv preprint arXiv:2004.04906},
  year={2020},
  booktitle={Proc.\ of EMNLP},
  url={https://arxiv.org/abs/2004.04906},
}

@inproceedings{xue2020mt5,
    title = "m{T}5: A Massively Multilingual Pre-trained Text-to-Text Transformer",
    author = "Xue, Linting  and
      Constant, Noah  and
      Roberts, Adam  and
      Kale, Mihir  and
      Al-Rfou, Rami  and
      Siddhant, Aditya  and
      Barua, Aditya  and
      Raffel, Colin",
    booktitle = "Proc.\ of NAACL",
    year = "2021",
    url = "https://www.aclweb.org/anthology/2021.naacl-main.41",
}

@inproceedings{devlin2018bert,
  title="{BERT}: Pre-training of deep bidirectional transformers for language understanding",
  author={Devlin, Jacob and Chang, Ming-Wei and Lee, Kenton and Toutanova, Kristina},
  booktitle={Proc.\ of NAACL},
  year={2019},
  url={https://arxiv.org/abs/1810.04805},
}


@inproceedings{wolf-etal-2020-transformers,
    title = "Transformers: State-of-the-Art Natural Language Processing",
    author = "Wolf, Thomas  and
      Debut, Lysandre  and
      Sanh, Victor  and
      Chaumond, Julien  and
      Delangue, Clement  and
      Moi, Anthony  and
      Cistac, Pierric  and
      Rault, Tim  and
      Louf, Remi  and
      Funtowicz, Morgan  and
      Davison, Joe  and
      Shleifer, Sam  and
      von Platen, Patrick  and
      Ma, Clara  and
      Jernite, Yacine  and
      Plu, Julien  and
      Xu, Canwen  and
      Le Scao, Teven  and
      Gugger, Sylvain  and
      Drame, Mariama  and
      Lhoest, Quentin  and
      Rush, Alexander",
    booktitle = "Proc.\ of EMNLP: System Demonstrations",
    year = "2020",
    url = "https://arxiv.org/abs/1910.03771",
}

@inproceedings{ott2019fairseq,
  title = {fairseq: A Fast, Extensible Toolkit for Sequence Modeling},
  author = {Myle Ott and Sergey Edunov and Alexei Baevski and Angela Fan and Sam Gross and Nathan Ng and David Grangier and Michael Auli},
  booktitle = {Proc. of NAACL: Demonstrations},
  year = {2019},
  url={https://arxiv.org/abs/1904.01038},
}


@inproceedings{gillick-etal-2019-learning,
    title = "Learning Dense Representations for Entity Retrieval",
    author = "Gillick, Daniel  and
      Kulkarni, Sayali  and
      Lansing, Larry  and
      Presta, Alessandro  and
      Baldridge, Jason  and
      Ie, Eugene  and
      Garcia-Olano, Diego",
    booktitle = "Proc.\ of CoNLL",
    year = "2019",
    url = "https://www.aclweb.org/anthology/K19-1049",
}

@inproceedings{
asai2021cora,
title={One Question Answering Model for Many Languages with Cross-lingual Dense Passage Retrieval},
author={Akari Asai and Xinyan Yu and Jungo Kasai and Hannaneh Hajishirzi},
booktitle={Proc.\ of NeurIPS},
url="https://arxiv.org/abs/2107.11976",
year={2021}
}

@inproceedings{asai-etal-2021-xor,
    title = "{XOR} {QA}: Cross-lingual Open-Retrieval Question Answering",
    author = "Asai, Akari  and
      Kasai, Jungo  and
      Clark, Jonathan  and
      Lee, Kenton  and
      Choi, Eunsol  and
      Hajishirzi, Hannaneh",
    booktitle = "Proc.\ of NAACL",
    year = "2021",
    url = "https://aclanthology.org/2021.naacl-main.46",
}



@inproceedings{barrault-etal-2020-findings,
    title = "Findings of the 2020 Conference on Machine Translation ({WMT}20)",
    author = {Barrault, Lo{\"\i}c  and
      Biesialska, Magdalena  and
      Bojar, Ond{\v{r}}ej  and
      Costa-juss{\`a}, Marta R.  and
      Federmann, Christian  and
      Graham, Yvette  and
      Grundkiewicz, Roman  and
      Haddow, Barry  and
      Huck, Matthias  and
      Joanis, Eric  and
      Kocmi, Tom  and
      Koehn, Philipp  and
      Lo, Chi-kiu  and
      Ljube{\v{s}}i{\'c}, Nikola  and
      Monz, Christof  and
      Morishita, Makoto  and
      Nagata, Masaaki  and
      Nakazawa, Toshiaki  and
      Pal, Santanu  and
      Post, Matt  and
      Zampieri, Marcos},
    booktitle = "Proc.\ of WMT",
    month = nov,
    year = "2020",
    url = "https://aclanthology.org/2020.wmt-1.1",
}


@inproceedings{akhbardeh-etal-2021-findings,
    title = "Findings of the 2021 Conference on Machine Translation ({WMT}21)",
    author = "Akhbardeh, Farhad  and
      Arkhangorodsky, Arkady  and
      Biesialska, Magdalena  and
      Bojar, Ond{\v{r}}ej  and
      Chatterjee, Rajen  and
      Chaudhary, Vishrav  and
      Costa-jussa, Marta R.  and
      Espa{\~n}a-Bonet, Cristina  and
      Fan, Angela  and
      Federmann, Christian  and
      Freitag, Markus  and
      Graham, Yvette  and
      Grundkiewicz, Roman  and
      Haddow, Barry  and
      Harter, Leonie  and
      Heafield, Kenneth  and
      Homan, Christopher  and
      Huck, Matthias  and
      Amponsah-Kaakyire, Kwabena  and
      Kasai, Jungo  and
      Khashabi, Daniel  and
      Knight, Kevin  and
      Kocmi, Tom  and
      Koehn, Philipp  and
      Lourie, Nicholas  and
      Monz, Christof  and
      Morishita, Makoto  and
      Nagata, Masaaki  and
      Nagesh, Ajay  and
      Nakazawa, Toshiaki  and
      Negri, Matteo  and
      Pal, Santanu  and
      Tapo, Allahsera Auguste  and
      Turchi, Marco  and
      Vydrin, Valentin  and
      Zampieri, Marcos",
    booktitle = "Proc.\ of WMT",
    year = "2021",
    url = "https://aclanthology.org/2021.wmt-1.1",
}


@inproceedings{ng-etal-2019-facebook,
    title = "{F}acebook {FAIR}{'}s {WMT}19 News Translation Task Submission",
    author = "Ng, Nathan  and
      Yee, Kyra  and
      Baevski, Alexei  and
      Ott, Myle  and
      Auli, Michael  and
      Edunov, Sergey",
    booktitle = "Proc.\ of WMT",
    month = aug,
    year = "2019",
    url = "https://arxiv.org/abs/1907.06616",
}


@inproceedings{marchisio-etal-2019-johns,
    title = "{J}ohns {H}opkins {U}niversity Submission for {WMT} News Translation Task",
    author = "Marchisio, Kelly  and
      Lal, Yash Kumar  and
      Koehn, Philipp",
    booktitle = "Proc.\ of WMT",
    url = "https://aclanthology.org/W19-5329",
}


@inproceedings{fisch-etal-2019-mrqa,
    title = "{MRQA} 2019 Shared Task: Evaluating Generalization in Reading Comprehension",
    author = "Fisch, Adam  and
      Talmor, Alon  and
      Jia, Robin  and
      Seo, Minjoon  and
      Choi, Eunsol  and
      Chen, Danqi",
    booktitle = "Proc.\ of MRQA",
    url = "https://aclanthology.org/D19-5801",
}

@inproceedings{longpre-etal-2019-exploration,
    title = "An Exploration of Data Augmentation and Sampling Techniques for Domain-Agnostic Question Answering",
    author = "Longpre, Shayne  and
      Lu, Yi  and
      Tu, Zhucheng  and
      DuBois, Chris",
    booktitle = "Proc.\ of MRQA",
    year = "2019",
    url = "https://arxiv.org/abs/1912.02145",
}

@inproceedings{li-etal-2019-net,
    title = "{D}-{NET}: A Pre-Training and Fine-Tuning Framework for Improving the Generalization of Machine Reading Comprehension",
    author = "Li, Hongyu  and
      Zhang, Xiyuan  and
      Liu, Yibing  and
      Zhang, Yiming  and
      Wang, Quan  and
      Zhou, Xiangyang  and
      Liu, Jing  and
      Wu, Hua  and
      Wang, Haifeng",
    booktitle = "Proc.\ of MRQA",
    year = "2019",
    url = "https://aclanthology.org/D19-5828",
}